<record xmlns="http://www.loc.gov/MARC21/slim" xmlns:xsi="http://www.w3.org/2001/XMLSchema-instance" xsi:schemaLocation="http://www.loc.gov/MARC21/slim http://www.loc.gov/standards/marcxml/schema/MARC21slim.xsd">

  <leader>00542nam a2200145   4500</leader>
  <controlfield tag="008">150910b2015    cr ||||| |||| 00| | spa d</controlfield>
  <datafield ind1=" " ind2=" " tag="090">
    <subfield code="a">02.01.02</subfield>
    <subfield code="b">2274</subfield>
  </datafield>
  <datafield tag="245" ind2=" " ind1=" ">
    <subfield code="a">Marco estratégico y organizacional de la Unidad de Tecnologías de Información / </subfield>
    <subfield code="c">Elaboración Franklin Rodríguez Vargas</subfield>
  </datafield>
  <datafield ind1=" " tag="260" ind2=" ">
    <subfield code="a">[San José, Costa Rica] :</subfield>
    <subfield code="b">INIE,</subfield>
    <subfield code="c">2015</subfield>
  </datafield>
  <datafield ind1=" " tag="300" ind2=" ">
    <subfield code="a">12 hojas</subfield>
  </datafield>
  <datafield tag="610" ind2="0" ind1=" ">
    <subfield code="9">980</subfield>
    <subfield code="a">INIE. UNIDAD DE TECNOLOGÍAS DE INFORMACIÓN</subfield>
  </datafield>
  <datafield ind1=" " tag="650" ind2="0">
    <subfield code="9">762</subfield>
    <subfield code="a">PLANIFICACIÓN ESTRATÉGICA</subfield>
  </datafield>
  <datafield ind1=" " ind2="0" tag="650">
    <subfield code="9">979</subfield>
    <subfield code="a">ORGANIZACIÓN DEL TRABAJO</subfield>
  </datafield>
  <datafield ind1=" " ind2=" " tag="942">
    <subfield code="2">z</subfield>
    <subfield code="c">01</subfield>
  </datafield>
  <datafield ind1=" " ind2=" " tag="999">
    <subfield code="c">2863</subfield>
    <subfield code="d">2863</subfield>
  </datafield>
</record>